@inproceedings{angr,
  title={{SoK: (State of) The Art of War: Offensive Techniques in Binary Analysis}},
  author={Shoshitaishvili, Yan and Wang, Ruoyu and Salls, Christopher and
          Stephens, Nick and Polino, Mario and Dutcher, Andrew and Grosen, John and
          Feng, Siji and Hauser, Christophe and Kruegel, Christopher and Vigna, Giovanni},
  booktitle={IEEE Symposium on Security and Privacy},
  year={2016}
}

